@InProceedings{Auer2006,
author = {Auer, Peter and Ortner, Ronald},
booktitle = {NIPS},
title = {Logarithmic Online Regret Bounds for Undiscounted Reinforcement Learning.},
year = {2006}
}

@InProceedings{Aist2006,
author = {Gregory Aist and James Allen and Ellen Campana and Lucian Galescu and Carlos A. Gomez Gallo and Scott Stoness and Mary Swift and Michael Tanenhaus},
title = {Software architectures for incremental understanding of human speech},
booktitle = {Interspeech},
year = {2006}
}

@InProceedings{Aist2007,
author = {Gregory Aist and James Allen and Ellen Campana and Carlos Gomez Gallo and Scott Stoness and Mary Swift and Michael K. Tanenhaus},
title = {Incremental understanding in human-computer dialogue and experimental evidence for advantages over nonincremental methods},
booktitle = {Decalog},
year = {2007}
}

@InProceedings{Allen2001,
author = {James Allen and George Ferguson and Amanda Stent},
title = {An Architecture For More Realistic Conversational Systems},
booktitle = {6th international conference on Intelligent user interfaces},
year = {2001}
}

@Article{Altmann1999,
title = {Incremental interpretation at verbs: restricting the domain of subsequent reference},
author = {Gerry T.M. Altmann and Yuki Kamide},
journal = {Cognition},
volume = {73},
year = {1999},
pages = {247-264}
}

@InProceedings{Anand1992,
author = {Anand, Tej and Kahn, Gary S.},
booktitle = {Innovative Applications of Artificial Intelligence (IAAI)},
title = {Making Sense of Gigabytes: A System for Knowledge-Based Market Analysis.},
year = {1992}
}

@Article{Arnold2000,
author = {Arnold, Jennifer E. and Eisenband, Janet G. and Brown-Schmidt, Sarah and Trueswell, John C.},
title = {The rapid use of gender information: evidence of the time course of pronoun resolution from eyetracking},
journal = {Cognition},
volume = {76},
number = {1},
pages = {B13-B26},
year = {2000}
}

@InProceedings{Ashok2014,
author    = {Ashok, Vikas  and  Borodin, Yevgen  and  Stoyanchev, Svetlana  and  Ramakrishnan, IV},
title     = {Dialogue Act Modeling for Non-Visual Web Access},
booktitle = {Proceedings of the 15th Annual Meeting of the Special Interest Group on Discourse and Dialogue (SIGDIAL)},
year      = {2014}
}

@InProceedings{Atterer2009,
author = {Michaela Atterer and David Schlangen},
title = {RUBISC - a Robust Unification-Based Incremental Semantic Chunker},
booktitle = {EACL 2009 Workshop on Semantic Representation of Spoken Language - SRSL},
year = {2009}
}

@Article{Auer2002,
author = {Auer, Peter and Cesa-Bianchi, Nicol\`{o} and Fischer, Paul},
title = {Finite-time Analysis of the Multiarmed Bandit Problem},
journal = {Machine Learning},
year = {2002}
}

@InProceedings{Auer2005,
author = {Auer, Peter and Ortner, Ronald},
title = {Online-Regret Bounds for a New Reinforcement-Learning Algorithm},
booktitle = {1st Austrian Cognitive Vision Workshop},
year = {2005}
}

@Book{Austin1962,
author = {Austin, J.L.},
title = {How to Do Things with Words},
year = {1962},
publisher = {Oxford}
}

@InProceedings{Banchs2013,
author    = {Banchs, Rafael E.  and  Jiang, Ridong  and  Kim, Seokhwan  and  Niswar, Arthur  and  Yeo, Kheng Hui},
title     = {AIDA: Artificial Intelligent Dialogue Agent},
booktitle = {Proceedings of the SIGDIAL 2013 Conference},
year      = {2013}
}

@InProceedings{Barlier2015,
author    = {Barlier, Merwan  and  Laroche, Romain  and  Pietquin, Olivier},
title     = {Human-Machine Dialogue as a Stochastic Game},
booktitle = {Proceedings of the 16th Annual Meeting of the Special Interest Group on Discourse and Dialogue (SIGDIAL)},
year      = {2015}
}

@Article{Barto2003,
author = {Barto, Andrew G. and Mahadevan, Sridhar},
title = {Recent Advances in Hierarchical Reinforcement Learning},
journal = {Discrete Event Dynamic Systems},
volume = {13},
pages = {41--77},
year = {2003}
} 

@InProceedings{Baumann2008,
author = {Timo Baumann},
title = {Simulating Spoken Dialogue With a Focus on Realistic Turn-Taking},
booktitle = {Proceedings of the 5th International Workshop on Constraints and Language Processing (CSLP)},
year = {2008}
}

@Article{Baumann2011,
title = {Evaluation and Optimisation of Incremental Processors},
author = {Timo Baumann and David Schlangen},
journal = {Dialogue and Discourse},
volume = {2},
year = {2011},
pages = {113-141}
}

@InProceedings{Baumann2012,
author = {Timo Baumann and David Schlangen},
title = {Inpro-iSS A component for just-in-time incremental speech synthesis},
booktitle = {in Proceedings of ACL System Demonstrations},
year = {2012}
}

@InProceedings{Baumann2013,
author    = {Baumann, Timo  and  Schlangen, David},
title     = {Open-ended, Extensible System Utterances Are Preferred, Even If They Require Filled Pauses},
booktitle = {Proceedings of the SIGDIAL 2013 Conference},
year      = {2013}
}

@InProceedings{Baumann2014,
author = {Timo Baumann},
title = {Partial Representations Improve the Prosody of Incremental Speech Synthesis},
booktitle = {Proceedings of Interspeech},
year = {2014}
}

@Article{Beattie1982,
title = {Turn-taking and interruption in political interviews: Margaret Thatcher and Jim Callaghan compared and contrasted},
author = {Beattie, Geoffrey},
journal = {Semiotica},
volume = {39},
year = {1982},
pages = {93-114}
}

@Book{Bellman1957,
author = {Bellman, Richard},
title = {Dynamic Programming},
publisher = {Princeton University Press},
year = {1957}
}

@Article{Bengio2003,
author = {Bengio, Yoshua and Ducharme, R{\'e}jean and Vincent, Pascal and Janvin, Christian},
title = {A Neural Probabilistic Language Model},
journal = {The Journal of Machine Learning Research},
volume = {3},
pages = {1137--1155},
year = {2003}
} 


@Book{Berry1985,
author = {Berry, Donald A. and Fristedt, Bert},
title = {Bandit problems : sequential allocation of experiments},
publisher = {Chapman and Hall London},
year = {1985}
}

@InProceedings{Bradtke1994,
author = {Steven J. Bradtke and Michael O. Duff},
title = {Reinforcement Learning Methods for Continuous-Time Markov Decision Problems},
booktitle = {Advances in Neural Information Processing Systems (NIPS)},
year = {1994}
}

@Book{Bratman1987,
author = {Bratman, Michael},
title = {Intention, plans, and practical reason},
publisher = {Harvard University Press},
year = {1987}
}

@Article {Bratman1988,
author = {Bratman, Michael E. and Israel, David J. and Pollack, Martha E.},
title = {Plans and resource-bounded practical reasoning},
journal = {Computational Intelligence},
volume = {4},
pages = {349--355},
year = {1988}
}

@InProceedings{Breslin2013,
author    = {Catherine Breslin and Milica Gasic and Matthew Henderson and Dongho Kim and Martin Szummer and Blaise Thomson and Pirros Tsiakoulis and Steve Young},
title     = {Continuous asr for flexible incremental dialogue},
booktitle = {ICASSP},
year      = {2013},
pages     = {8362-8366},
}

@PhDThesis{Bretier1995,
title = {La communication orale coop\'erative : Contribution à  la mod\'elistaion logique et \`a la mise en oeuvre d'un agent rationnel dialoguant},
author = {Philippe Bretier},
school = {Universit\'e de Paris Nord, France},
year = {1995}
}

@TechReport{Bretier2010,
Author = {Bretier, P. and Laroche, R. and Putois, G.},
Institution = {CLASSIC Project},
Number = {D5.3.4},
Title = {D5.3.4: Industrial self-help system ("system 3") apdapted to final architecture},
Type = {Prototype},
Url = {http://www.classic-project.org/},
Year = {2010}
}

@InProceedings{Briggs2014,
author    = {Briggs, Gordon  and  Scheutz, Matthias},
title     = {Modeling Blame to Avoid Positive Face Threats in Natural Language Generation},
booktitle = {Proceedings of the INLG and SIGDIAL 2014 Joint Session},
year      = {2014}
}

@Article{Brown-Schmidt2011,
title = {Talking in Another Person's Shoes: Incremental Perspective-taking in Language Processing},
author = {Sarah Brown-Schmidt and Joy E. Hanna},
journal = {Dialogue and Discourse},
volume = {2},
year = {2011},
pages = {11-33}
}

@Article{Bubeck2012,
author = {Sébastien Bubeck and Nicolò Cesa-Bianchi},
title = {Regret Analysis of Stochastic and Nonstochastic Multi-armed Bandit Problems},
journal = {Foundations and Trends in Machine Learning},
volume = {5},
pages = {1-122},
year = {2012}
}

@InProceedings{Chandramohan2010,
author    = {Senthilkumar Chandramohan and Matthieu Geist and Olivier Pietquin},
title     = {Optimizing spoken dialogue management with fitted value iteration},
booktitle = {INTERSPEECH 11th Annual Conference of the International Speech},
year      = {2010}
}

@InProceedings{Chandramohan2011,
author = {Chandramohan, Senthilkumar and Geist, Matthieu and Lef\`vre, Fabrice and Pietquin, Olivier},
booktitle = {INTERSPEECH},
title = {User Simulation in Dialogue Systems Using Inverse Reinforcement Learning.},
year = {2011}
}

@inproceedings{chandramohan2012a,
title={Clustering behaviors of spoken dialogue systems users},
author={Chandramohan, Senthilkumar and Geist, Matthieu and Lefevre, Fabrice and Pietquin, Olivier},
booktitle={Acoustics, Speech and Signal Processing (ICASSP), 2012 IEEE International Conference on},
pages={4981--4984},
year={2012},
organization={IEEE}
}
@inproceedings{chandramohan2012b,
title={Behavior specific user simulation in spoken dialogue systems},
author={Chandramohan, Senthilkumar and Geist, Matthieu and Lef{\`e}vre, Fabrice and Pietquin, Olivier},
booktitle={Speech Communication; 10. ITG Symposium; Proceedings of},
pages={1--4},
year={2012},
organization={VDE}
}

@Article{Chao2012,
author = {Chao, Crystal and Thomaz, Andrea L.},
journal = {Journal of Human-Robot Interaction},
title = {Timing in Multimodal Turn-Taking Interactions: Control and Analysis Using Timed Petri Nets.},
year = {2012}
}

@InProceedings{Chen2013,
author    = {Yun-Nung Chen and Florian Metze},
title     = {Multi-Layer Mutually Reinforced Random Walk with Hidden Parameters for Improved Multi-Party Meeting Summarization},
booktitle = {INTERSPEECH Proceedings},
year      = {2013}
}

@InProceedings{Chiba2014,
author    = {Chiba, Yuya  and  Ito, Masashi  and  Nose, Takashi  and  Ito, Akinori},
title     = {User Modeling by Using Bag-of-Behaviors for Building a Dialog System Sensitive to the Interlocutor's Internal State},
booktitle = {Proceedings of the 15th Annual Meeting of the Special Interest Group on Discourse and Dialogue (SIGDIAL)},
year      = {2014}
}

@InCollection{Cohen1990,
author = {P. R. Cohen and H. J. Levesque},
title = {Persistence, Intention, and Commitment},
booktitle = {Intentions in Communication},
year = {1990}
}

@book{Clark1996,
author = {Herbert H. Clark},
title = {Using Language},
year = {1996},
publisher= {Cambridge University Press}
}

@InProceedings{Claus1998,
author = {Claus, Caroline and Boutilier, Craig},
title = {The Dynamics of Reinforcement Learning in Cooperative Multiagent Systems},
booktitle = {Proceedings of the Fifteenth National/Tenth Conference on Artificial Intelligence/Innovative Applications of Artificial Intelligence},
series = {AAAI '98/IAAI '98},
year = {1998},
} 

@TechReport{CLASSiCd51,
Author = {Laroche, R. and Putois, G.},
Institution = {CLASSIC Project},
Number = {D5.1.1},
Title = {D5.1.1 : CLASSiC Architecture},
Type = {Report},
Url = {http://www.classic-project.org/},
Year = {2009}
}

@TechReport{CLASSiCd55,
Author = {Laroche, R. and Putois, G.},
Institution = {CLASSIC Project},
Number = {D5.5},
Title = {D5.5: Advanced Appointment-Scheduling System ``System 4''},
Type = {Prototype},
Url = {http://www.classic-project.org/},
Year = {2010}
}

@TechReport{CLASSiCd64,
Author = {Laroche, R. and Putois, G. and Bretier, P. and Aranguren, M. and Velkovska, J. and Hastie, H. and Keizer, S. and Yu, K. and Jurcicek, F. and Lemon, O. and Young, S.},
Institution = {CLASSIC Project},
Number = {D6.4},
Title = {D6.4: Final evaluation of CLASSiC TownInfo and Appointment Scheduling systems},
Type = {Report},
Url = {http://www.classic-project.org/},
Year = {2011}
}

@Article{Collobert2011,
author    = {Ronan Collobert and
		   Jason Weston and
		   L{\'{e}}on Bottou and
		   Michael Karlen and
		   Koray Kavukcuoglu and
		   Pavel P. Kuksa},
title     = {Natural Language Processing (almost) from Scratch},
journal   = {CoRR},
volume    = {abs/1103.0398},
year      = {2011}
}

@InProceedings{Cuayahuitl2007,
author = {Heriberto Cuay\'ahuitl and Steve Renals and Oliver Lemon and Hiroshi Shimodaira},
title = {Hierarchical Dialogue Optimization Using Semi-Markov Decision Processes},
booktitle = {Interspeech},
year = {2007}
}

@InProceedings{Cuayahuitl2015,
author = {Heriberto Cuay\'ahuitl and Simon Keizer and Oliver Lemon},
title = {Strategic Dialogue Management via Deep Reinforcement Learning},
booktitle = {NIPS Workshop on Deep Reinforcement Learning},
year = {2015}
}

@InProceedings{Daswani2012,
author = {Daswani, Mayank and Sunehag, Peter and Hutter, Marcus},
booktitle = {EWRL},
pages = {11-24},
title = {Feature Reinforcement Learning using Looping Suffix Trees.},
volume =  {24},
year = {2012}
}

@InProceedings{Daubigney2013,
author    = {Daubigney, Lucie  and  Geist, Matthieu  and  Pietquin, Olivier},
title     = {Model-free POMDP optimisation of tutoring systems with echo-state networks},
booktitle = {Proceedings of the SIGDIAL 2013 Conference},
year      = {2013}
}

@InProceedings{Daubigney2013b,
author    = {Daubigney, Lucie  and  Geist, Matthieu  and  Pietquin, Olivier},
title     = {Particle Swarm Optimisation of Spoken Dialogue System Strategies},
booktitle = {INTERSPEECH Proceedings},
year      = {2013}
}

@InProceedings{Deng2013,
author       = {Li Deng and Jinyu Li and Jui-Ting Huang and Kaisheng Yao and Dong Yu and Frank
                Seide and Michael Seltzer and Geoff Zweig and Xiaodong He and Jason Williams and
                Yifan Gong and Alex Acero},
booktitle    = {IEEE International Conference on Acoustics, Speech, and Signal Processing
                (ICASSP)},
title        = {Recent Advances in Deep Learning for Speech Research at Microsoft},
year         = {2013},
}

@InProceedings{Dethlefs2012,
author={Dethlefs, Nina and Hastie, Helen Wright and Rieser, Verena and Lemon, Oliver},
  booktitle = {EMNLP-CoNLL},
  title = {Optimising Incremental Dialogue Decisions Using Information Density for Interactive Systems.},
  year = {2012}
}

@InProceedings{DeVault2009,
author = {David DeVault and Kenji Sagae and David Traum},
title = {Can I finish? Learning when to respond to incremental interpretation results in interactive dialogue},
booktitle = {SIGDIAL},
year = {2009}
}

@Article{DeVault2011,
title = {Incremental Interpretation and Prediction of Utterance Meaning for Interactive Dialogue},
author = {David DeVault and Kenji Sagae and David Traum},
journal = {Dialogue and Discourse},
volume = {2},
year = {2011},
pages = {143-170}
}

@InProceedings{DeVault2012,
  author    = {DeVault, David  and  Traum, David},
  title     = {A Demonstration of Incremental Speech Understanding and Confidence Estimation in a Virtual Human Dialogue System},
  booktitle = {Proceedings of the 13th Annual Meeting of the Special Interest Group on Discourse and Dialogue},
  month     = {July},
  year      = {2012}
}

@InProceedings{Dybkjaer2004,
author = {Laila Dybkjaer and Niels Ole Bernsen and Wolfgang Minker},
title = {Evaluation and usability of multimodal spoken language dialogue systems},
booktitle = {Speech Communications},
pages = {33--54},
year = {2004}
}

@InProceedings{Dohsaka1997,
author = {Kohji Dohsaka and Akira Shimazu},
title = {A System Architecture for Spoken Utterance Production in Collaborative Dialogue},
booktitle = {IJCAI},
year = {1997}
}

@Article{Doya2007,
author = {Doya, Kenji},
title = {Reinforcement learning: Computational theory and biological mechanisms},
journal = {HFSP journal},
volume = {1},
pages = {30--40},
year = {2007}
}

@Article{Dudley1939,
author = {Dudley, Homer},
journal = {Bell Labs Record},
title = {The Vocoder},
volume = {17},
pages = {122--126},
year = {1939}
}


@Article{Duncan1972,
author = {Duncan, Starkey},
journal = {Journal of Personality and Social Psychology},
pages = {283--292},
title = {{Some signals and rules for taking speaking turns in conversations}},
volume = {23},
year = {1972}
}

@InProceedings{Dusek2014,
author    = {Du\v{s}ek, Ond\v{r}ej  and  Pl\'{a}tek, Ond\v{r}ej  and  \v{Z}ilka, Luk\'{a}\v{s}  and  Jur\v{c}\'{i}\v{c}ek, Filip},
title     = {Alex: Bootstrapping a Spoken Dialogue System for a New Domain by Real Users},
booktitle = {Proceedings of the 15th Annual Meeting of the Special Interest Group on Discourse and Dialogue (SIGDIAL)},
year      = {2014}
}

@article{Eberhard1995,
author = {Eberhard, Kathleen and Spivey-Knowlton, Michael and Sedivy, Julie and Tanenhaus, Michael},
journal = {Journal of Psycholinguistic Research},
volume = {24},
number = {6},
pages = {409--436},
title = {Eye movements as a window into real-time spoken language comprehension in natural contexts},
year = {1995}
}

@InProceedings{Eckert1997, 
author={Eckert, W. and Levin, E. and Pieraccini, R.}, 
booktitle={Automatic Speech Recognition and Understanding, 1997. Proceedings., 1997 IEEE Workshop on}, 
title={User modeling for spoken dialogue system evaluation}, 
year={1997}
}

@Article{Edlund2008,
title = {Towards human-like spoken dialogue systems},
author = {Jens Edlund and Joakim Gustafson and Mattias Heldner and Anna Hjalmarsson},
journal = {Speech Communication},
volume = {50},
year = {2008},
pages = {630-645}
}

@InProceedings{EkeinhorKomi2014,
Title = {Un assistant vocal personnalisable},
Author = {Ekeinhor-Komi, Tatiana and Falih, Hajar and Chardenon, Christine and Laroche, Romain and Lefevre, Fabrice},
booktitle = {Proceedings of the 21st Conférence sur le Traitement Automatique des Langues Naturelles (TALN)},
Year = {2014}
}

@InProceedings{El-Asri2012,
author = {El Asri, Layla and Laroche, Romain and Pietquin, Olivier},
title = {Reward Function Learning for Dialogue Management},
booktitle = {STAIRS},
year = {2012}
}

@InProceedings{El-Asri2013a,
author    = {El Asri, Layla  and  Laroche, Romain},
title     = {Will my Spoken Dialogue System be a Slow Learner ?},
booktitle = {Proceedings of the SIGDIAL 2013 Conference},
year      = {2013}
}

@InProceedings{El-Asri2014a,
author = {El Asri, Layla and Remi Lemonnier and Romain Laroche and Olivier Pietquin and Hatim Khouzaimi},
title = {{NASTIA: Negotiating Appointment Setting Interface}},
booktitle = {Proceedings of LREC},
year = {2014}
}

@InProceedings{El-Asri2014b, 
author={El Asri, Layla and Khouzaimi, Hatim and Laroche, Romain and Pietquin, Olivier}, 
booktitle={Acoustics, Speech and Signal Processing (ICASSP), 2014 IEEE International Conference on}, 
title={Ordinal regression for interaction quality prediction}, 
year={2014}
}

@InProceedings{El-Asri2014c,
author = {El Asri, Layla and Romain Laroche and Olivier Pietquin},
title = {{DINASTI: Dialogues with a Negotiating Appointment Setting Interface}},
booktitle = {{Proc. of LREC }},
year = {2014},
}

@InProceedings{El-Asri2014d,
author={El Asri, L. and Khouzaimi, H. and Laroche, R. and Pietquin, O.},
booktitle={Acoustics, Speech and Signal Processing (ICASSP), 2014 IEEE International Conference on},
title={Ordinal regression for interaction quality prediction},
year={2014}
}

@InProceedings{El-Asri2016,
author={El Asri, L. and Laroche, R. and Pietquin, O.},
title={Compact and Interpretable Dialogue State Representation with Genetic Sparse Distributed Memory},
booktitle={International Workshop Series on Spoken Dialogue Systems Technology (IWSDS)},
year={2016}
}

@InProceedings{Efstathiou2014,
author    = {Efstathiou, Ioannis  and  Lemon, Oliver},
title     = {Learning non-cooperative dialogue behaviours},
booktitle = {Proceedings of the 15th Annual Meeting of the Special Interest Group on Discourse and Dialogue (SIGDIAL)},
year      = {2014}
}

@InProceedings{Engonopoulos2014,
author    = {Engonopoulos, Nikolaos  and  Koller, Alexander},
title     = {Generating effective referring expressions using charts},
booktitle = {Proceedings of the INLG and SIGDIAL 2014 Joint Session},
year      = {2014}
}

@InProceedings{Evanini2008, 
author={Evanini, K. and Hunter, P. and Liscombe, J. and Suendermann, D. and Dayanidhi, K. and Pieraccini, R.}, 
booktitle={Spoken Language Technology Workshop, 2008. SLT 2008. IEEE}, 
title={Caller Experience: A method for evaluating dialog systems and its automatic prediction}, 
year={2008}
}

@InProceedings{Ezen-Can2014,
author    = {Ezen-Can, Aysu  and  Boyer, Kristy},
title     = {Combining Task and Dialogue Streams in Unsupervised Dialogue Act Models},
booktitle = {Proceedings of the 15th Annual Meeting of the Special Interest Group on Discourse and Dialogue (SIGDIAL)},
year      = {2014}
}

@Article{Ferguson2007,
author    = {George Ferguson and James F. Allen},
title     = {Mixed-Initiative Systems for Collaborative Problem Solving},
journal   = {AI Magazine},
volume    = {28},
year      = {2007}
}

@inproceedings{Ferreira2013,
title={Social signal and user adaptation in reinforcement learning-based dialogue management},
author={Ferreira, Emmanuel and Lef{\`e}vre, Fabrice},
booktitle={MLIS},
year={2013}
}

@InProceedings{Ferreira2015a,
title={Online adaptative zero-shot learning spoken language understanding using word-embedding},
author={Ferreira, E and Jabaian, B and Lef{\`e}vre, F},
booktitle = {ICASSP},
year={2015}
}

@InProceedings{Ferreira2015b,
title={Zero-shot semantic parser for spoken language understanding},
author={Ferreira, E and Jabaian, B and Lef{\`e}vre, F},
booktitle = {INTERSPEECH},
year={2015}
}

@Article{Ferreira2015c,
title={Reinforcement-learning based dialogue system for human--robot interactions with socially-inspired rewards},
author={Ferreira, Emmanuel and Lefevre, Fabrice},
journal={Computer Speech \& Language},
volume={34},
number={1},
pages={256--274},
year={2015},
publisher={Academic Press}
}

@InProceedings{Ferreira2015d,
title={Users' Belief Awareness in Reinforcement Learning-based Situated Human-Robot Dialogue Management},
author={Ferreira, Emmanuel and Milliez, Gr{\'e}goire and Lefevre, Fabrice and Alami, Rachid},
booktitle={IWSDS},
year={2015}
}

@InProceedings{Ferreira2016,
title={Adversarial bandit for online interactive active learning of zero-shot spoken language understanding},
author={Ferreira, E and Reiffers-Masson, A and Jabaian, B and Lef{\`e}vre, F},
booktitle={IEEE International Conference on Acoustics Speech and Signal Processing},
year={2016}
}

@InProceedings{Fink1998,
author = {Gernot A. Fink and Christoph Schillo and Franz Kummert and Gerhard Sagerer},
title = {Incremental Speech Recognition for Multimodal Interfaces},
booktitle = {IECON},
year = {1998}
}

@InProceedings{Forbell2013,
author    = {Forbell, Eric  and  Kalisch, Nicolai  and  Morbini, Fabrizio  and  Christoffersen, Kelly  and  Sagae, Kenji  and  Traum, David  and  Rizzo, Albert A.},
title     = {Roundtable: An Online Framework for Building Web-based Conversational Agents},
booktitle = {Proceedings of the SIGDIAL 2013 Conference},
year      = {2013}
}

@Article{Gales2007,
author = {Gales, Mark and Young, Steve},
title = {The Application of Hidden Markov Models in Speech Recognition},
journal = {Found. Trends Signal Process.},
volume = {1},
year = {2007}
} 

@InProceedings{Gandhe2014,
author    = {Gandhe, Sudeep  and  Traum, David},
title     = {SAWDUST: a Semi-Automated Wizard Dialogue Utterance Selection Tool for domain-independent large-domain dialogue},
booktitle = {Proceedings of the 15th Annual Meeting of the Special Interest Group on Discourse and Dialogue (SIGDIAL)},
year      = {2014}
}

@InProceedings{Gangadharaiah2014,
author    = {Gangadharaiah, Rashmi  and  Narayanaswamy, Balakrishnan  and  Elkan, Charles},
title     = {Learning to Re-rank for Interactive Problem Resolution and Query Refinement},
booktitle = {Proceedings of the 15th Annual Meeting of the Special Interest Group on Discourse and Dialogue (SIGDIAL)},
year      = {2014}
}

@Article{Gargett2011,
title = {Incrementality and the Dynamics of Routines in Dialogue},
author = {Andrew Gargett},
journal = {Dialogue and Discourse},
volume = {2},
year = {2011},
pages = {171-197}
}

@InProceedings{Gasic2013,
author    = {Gasic, Milica  and  Breslin, Catherine  and  Henderson, Matthew  and  Kim, Dongho  and  Szummer, Martin  and  Thomson, Blaise  and  Tsiakoulis, Pirros  and  Young, Steve},
title     = {POMDP-based dialogue manager adaptation to extended domains},
booktitle = {Proceedings of the SIGDIAL 2013 Conference},
year      = {2013}
}

@InProceedings{Georgila2013,
author    = {Georgila, Kallirroi},
title     = {Reinforcement Learning of Two-Issue Negotiation Dialogue Policies},
booktitle = {Proceedings of the SIGDIAL 2013 Conference},
year      = {2013}
}

@InProceedings{Ghigi2013,
author    = {Fabrizio Ghigi and Maria Ines Torres and Raquel Justo and Jose-Miguel Benedi},
title     = {Evaluating Spoken Dialogue Models Under the Interactive Pattern Recognition Framework},
booktitle = {INTERSPEECH Proceedings},
year      = {2013}
}

@InProceedings{Ghigi2014,
title={Incremental Dialog Processing in a Task-Oriented Dialog},
author={Ghigi, Fabrizio and Eskenazi, Maxine and Torres, M Ines and Lee, Sungjin},
booktitle={Fifteenth Annual Conference of the International Speech Communication Association},
year={2014}
}

@InProceedings{Giuliani2014,
author    = {Giuliani, Manuel  and  Marschall, Thomas  and  Isard, Amy},
title     = {Using Ellipsis Detection and Word Similarity for Transformation of Spoken Language into Grammatically Valid Sentences},
booktitle = {Proceedings of the 15th Annual Meeting of the Special Interest Group on Discourse and Dialogue (SIGDIAL)},
year      = {2014}
}

@article{Gravano2011,
author = {Gravano, Agust\'{\i}n and Hirschberg, Julia},
title = {Turn-taking Cues in Task-oriented Dialogue},
journal = {Comput. Speech Lang.},
volume = {25},
number = {3},
year = {2011},
pages = {601--634}
} 

@Article{Gregoromichelaki2011,
title = {Incrementality and Intention-recognition in Utterance Processing},
author = {Eleni Gregoromichelaki and Ruth Kempson and Matthew Purver and Gregory J. Mills and Ronnie Cann and Wilfried Meyer-Viol and Patrick G. T. Healey},
journal = {Dialogue and Discourse},
volume = {2},
year = {2011},
pages = {199-233}
}

@InProceedings{Ha2013,
author    = {Ha, Eun  and  Mitchell, Christopher  and  Boyer, Kristy  and  Lester, James},
title     = {Learning Dialogue Management Models for Task-Oriented Dialogue with Parallel Dialogue and Task Streams},
booktitle = {Proceedings of the SIGDIAL 2013 Conference},
year      = {2013}
}

@Article{Hahn2010,
author = {Hahn, S. and Dinarelli, M. and Raymond, C. and Lef{\`e}vre, F. and Lehnen, P. and {De Mori}, R. and Moschitti, A. and Ney, H. and Riccardi, G.},
journal = {IEEE TASLP},
number = {6},
pages = {1569--1583},
publisher = {IEEE},
title = {Comparing stochastic approaches to spoken language understanding in multiple languages},
volume = {19},
year = {2010}
}

@Article{Harbusch2011,
title = {Incremental sentence production and clausal coordinate ellipsis: A treebank study comparing spoken and written language in Dutch and German},
author = {Karin Harbusch},
journal = {Dialogue and Discourse},
volume = {2},
year = {2011},
pages = {313-332}
}

@InProceedings{Hastie2013,
author    = {Hastie, Helen  and  Aufaure, Marie-Aude  and  Alexopoulos, Panos  and  Cuay\'{a}huitl, Heriberto  and  Dethlefs, Nina  and  Gasic, Milica  and  Henderson, James  and  Lemon, Oliver  and  Liu, Xingkun  and  Mika, Peter  and  Ben Mustapha, Nesrine  and  Rieser, Verena  and  Thomson, Blaise  and  Tsiakoulis, Pirros  and  Vanrompay, Yves},
title     = {Demonstration of the PARLANCE system: a data-driven incremental, spoken dialogue system for interactive search},
booktitle = {Proceedings of the SIGDIAL 2013 Conference},
year      = {2013}
}

@InProceedings{Hastie2014,
author    = {Hastie, Helen  and  Aufaure, Marie-Aude  and  Alexopoulos, Panos  and  Bouchard, Hugues  and  Breslin, Catherine  and  Cuay\'{a}huitl, Heriberto  and  Dethlefs, Nina  and  Ga\v{s}i\'{c}, Milica  and  Henderson, James  and  Lemon, Oliver  and  Liu, Xingkun  and  Mika, Peter  and  Ben Mustapha, Nesrine  and  Potter, Tim  and  Rieser, Verena  and  Thomson, Blaise  and  Tsiakoulis, Pirros  and  Vanrompay, Yves  and  Villazon-Terrazas, Boris  and  Yazdani, Majid  and  Young, Steve  and  Yu, Yanchao},
title     = {The PARLANCE mobile application for interactive search in English and Mandarin},
booktitle = {Proceedings of the 15th Annual Meeting of the Special Interest Group on Discourse and Dialogue (SIGDIAL)},
year      = {2014}
}

@InProceedings{Heintze2010,
author = {Silvan Heintze and Timo Baumann and David Schlangen},
title = {Comparing Local and Sequential Models for Statistical Incremental Natural Language Understanding},
booktitle = {SIGDIAL},
year = {2010}
}

@InProceedings{Henderson2014,
author    = {Henderson, Matthew  and  Thomson, Blaise  and  Young, Steve},
title     = {Word-Based Dialog State Tracking with Recurrent Neural Networks},
booktitle = {Proceedings of the 15th Annual Meeting of the Special Interest Group on Discourse and Dialogue (SIGDIAL)},
year      = {2014}
}

@InProceedings{Hirasawa1999,
author = {Hirasawa, Jun and Nakano, Mikio and Kawabata, Takeshi and Aikawa, Kiyoaki},
title = {Effects of system barge-in responses on user impressions.},
booktitle = {EUROSPEECH},
year = {1999}
}

@Article{Hone2000,
author = {Hone, Kate S. and Graham, Robert},
title = {Towards a Tool for the Subjective Assessment of Speech System Interfaces (SASSI)},
journal = {Natural Language Engineering},
volume = {6},
pages = {287--303},
publisher = {Cambridge University Press},
year = {2000}
} 

@Article{Howes2011,
title = {On Incrementality in Dialogue: Evidence from Compound Contributions},
author = {Christine Howes and Matthew Purver and Patrick G. T. Healey and Gregory J. Mills and Eleni Gregoromichelaki},
journal = {Dialogue and Discourse},
volume = {2},
year = {2011},
pages = {279-311}
}

@article{Huet2013,
title={Factored machine translation systems for Russian-English},
author={Huet, St{\'e}phane and Manishina, Elena and Lef{\`e}vre, Fabrice},
journal={Proceedings of the Eighth Workshop on Statistical Machine Translation},
pages={152--155},
year={2013}
}

@Article{Hutter2009,
author    = {Marcus Hutter},
title     = {Feature Reinforcement Learning: Part I: Unstructured MDPs},
journal   = {CoRR},
volume    = {abs/0906.1713},
year      = {2009}
}

@Article{Ilkin2011,
title = {Active prediction of syntactic information during sentence processing},
author = {Zeynep Ilkin and Patrick Sturt},
journal = {Dialogue and Discourse},
volume = {2},
year = {2011},
pages = {35-58}
}

@InProceedings{Israel1978,
author    = {Jay E. Israel and James G. Mitchell},
title     = {Separating Data From Function in a Distributed File System},
booktitle = {Second International Symposium on Operating Systems Theory and Practice},
year      = {1978}
}

@Article{Jabaian2013,
title={Comparison and combination of lightly supervised approaches for language portability of a spoken language understanding system},
author={Jabaian, Bassam and Besacier, Laurent and Lefevre, Francois},
journal={Audio, Speech, and Language Processing, IEEE Transactions on},
volume={21},
number={3},
pages={636--648},
year={2013},
publisher={IEEE}
}

@Article{Jabaian2016,
title={A unified framework for translation and understanding allowing discriminative joint decoding for multilingual speech semantic interpretation},
author={Jabaian, Bassam and Lef{\`e}vre, Fabrice and Besacier, Laurent},
journal={Computer Speech \& Language},
volume={35},
pages={185--199},
year={2016},
publisher={Academic Press}
}

@Book{Jaffe1970,
author = {Jaffe, Joseph and Feldstein, Stanley},
title = {Rhythms of dialogue},
publisher = {Academic Press New York },
year = {1970}
}

@Article{Jiang2005,
author = {Jiang, H.},
journal = {Speech communication},
pages = {455--470},
title = {Confidence measures for speech recognition: A survey},
volume = {45},
year = {2005}
}

@InProceedings{Johnston2014,
author    = {Johnston, Michael  and  Chen, John  and  Ehlen, Patrick  and  Jung, Hyuckchul  and  Lieske, Jay  and  Reddy, Aarthi  and  Selfridge, Ethan  and  Stoyanchev, Svetlana  and  Vasilieff, Brant  and  Wilpon, Jay},
title     = {MVA: The Multimodal Virtual Assistant},
booktitle = {Proceedings of the 15th Annual Meeting of the Special Interest Group on Discourse and Dialogue (SIGDIAL)},
year      = {2014}
}

@InProceedings{Jonsdottir2008,
author = {Gudny Ragna Jonsdottir and Kristinn R. Thorisson and Eric Nivel},
title = {Learning Smooth, Human-Like Turntaking in Realtime Dialogue},
booktitle = {In Proceedings of Intelligent Virtual Agents (IVA 08},
year = {2008},
pages = {162--175},
publisher = {Springer}
}

@InProceedings{Jordan2015,
author    = {Jordan, Pamela  and  Albacete, Patricia  and  Katz, Sandra},
title     = {Exploring the Effects of Redundancy within a Tutorial Dialogue System: Restating Students' Responses},
booktitle = {Proceedings of the 16th Annual Meeting of the Special Interest Group on Discourse and Dialogue (SigDial)},
year      = {2015}
}

@InProceedings{Keizer2013,
author    = {Keizer, Simon  and  Foster, Mary Ellen  and  Lemon, Oliver  and  Gaschler, Andre  and  Giuliani, Manuel},
title     = {Training and evaluation of an MDP model for social multi-user human-robot interaction},
booktitle = {Proceedings of the SIGDIAL 2013 Conference},
year      = {2013}
}

@InProceedings{Kennington2012,
author    = {Kennington, Casey  and  Schlangen, David},
title     = {Markov Logic Networks for Situated Incremental Natural Language Understanding},
booktitle = {Proceedings of the 13th Annual Meeting of the Special Interest Group on Discourse and Dialogue},
month     = {July},
year      = {2012},
}

@InProceedings{Kennington2013,
author    = {Kennington, Casey  and  Kousidis, Spyros  and  Schlangen, David},
title     = {Interpreting Situated Dialogue Utterances: an Update Model that Uses Speech, Gaze, and Gesture Information},
booktitle = {Proceedings of the SIGDIAL 2013 Conference},
year      = {2013}
}

@InProceedings{Kennington2014,
author    = {Kennington, Casey  and  Kousidis, Spyros  and  Schlangen, David},
title     = {InproTKs: A Toolkit for Incremental Situated Processing},
booktitle = {Proceedings of the 15th Annual Meeting of the Special Interest Group on Discourse and Dialogue (SIGDIAL)},
year      = {2014}
}

@InProceedings{Khouzaimi2014a,
author    = {Khouzaimi, Hatim  and  Laroche, Romain  and  Lef\`evre, Fabrice},
title     = {An easy method to make dialogue systems incremental},
booktitle = {Proceedings of the 15th Annual Meeting of the Special Interest Group on Discourse and Dialogue (SIGDIAL)},
year      = {2014}
}

@InProceedings{Khouzaimi2014b,
author    = {Hatim Khouzaimi and Romain Laroche and Fabrice Lef\`evre},
title     = {Vers une approche simplifi\'ee pour introduire le caract\`ere incr\'emental dans les syst\`emes de dialogue},
booktitle = {Proceedings of the TALN 2014 Conference},
year      = {2014}
}

@InProceedings{Khouzaimi2014c,
author    = {Hatim Khouzaimi and Romain Laroche and Fabrice Lef\`evre},
title     = {DictaNum : syst\`eme de dialogue incr\'emental pour la dict\'ee de num\'eros},
booktitle = {Proceedings of the TALN 2014 Conference},
year      = {2014}
}

@InProceedings{Khouzaimi2015a,
author    = {Khouzaimi, Hatim  and  Laroche, Romain  and  Lef\`evre, Fabrice},
title     = {Dialogue efficiency evaluation of turn-taking phenomena in a multi-layer incremental simulated environment},
booktitle = {Proceedings of the HCI International 2015 Conference},
year      = {2015}
}

@InProceedings{Khouzaimi2015b,
author    = {Khouzaimi, Hatim  and  Laroche, Romain  and  Lef\`evre, Fabrice},
title     = {Optimising Turn-Taking Strategies With Reinforcement Learning},
booktitle = {Proceedings of the 16th Annual Meeting of the Special Interest Group on Discourse and Dialogue (SIGDIAL)},
year      = {2015}
}

@InProceedings{Khouzaimi2015c,
author    = {Khouzaimi, Hatim  and  Laroche, Romain  and  Lef\`evre, Fabrice},
title     = {Turn-taking phenomena in incremental dialogue systems},
booktitle = {Proceedings of the 2015 Conference on Empirical Methods in Natural Language Processing (EMNLP)},
year      = {2015}
}

@InProceedings{Khouzaimi2016a,
author    = {Khouzaimi, Hatim  and  Laroche, Romain  and  Lef\`evre, Fabrice},
title     = {Incremental Human-machine Dialogue Simulation},
booktitle = {Proceedings of the International Workshop on Spoken Dialogue Systems (IWSDS)},
year      = {2016}
}

@InProceedings{Khouzaimi2016b,
author    = {Khouzaimi, Hatim  and  Laroche, Romain  and  Lef\`evre, Fabrice},
title     = {Reinforcement Learning applied to Incremental Spoken Dialogue Systems (Submitted)},
booktitle = {International Joint Conference on Artificial Intelligence (IJCAI)},
year      = {2016}
}

@techreport{Kilger1995,
title = {Incremental Generation for Real-Time Applications},
author = {Anne Kilger and Wolfgang Finkler},
year = {1995},
institution = {German Research Center for Artificial Intelligence},
}

@InProceedings{Kim2014,
author    = {Kim, Seokhwan  and  Banchs, Rafael E.},
title     = {Sequential Labeling for Tracking Dynamic Dialog States},
booktitle = {Proceedings of the 15th Annual Meeting of the Special Interest Group on Discourse and Dialogue (SIGDIAL)},
year      = {2014}
}

@InProceedings{KimD2014,
author    = {Dongho Kim and Catherine Breslin and Pirros Tsiakoulis and Milica Gasic and Matthew Henderson and Steve Young},
title     = {Inverse Reinforcement Learning for Micro-Turn Management},
booktitle = {INTERSPEECH Proceedings},
year      = {2014}
}

@InProceedings{Knuuttila2013,
author    = {Juho Knuuttila and Okko Rasanen and Unto K. Laine},
title     = {Automatic Self-Supervised Learning of Associations Between Speech and Text},
booktitle = {INTERSPEECH Proceedings},
year      = {2013}
}

@InProceedings{Konolige1993,
author = {Konolige, Kurt and Pollack, Martha E.},
title = {A Representationalist Theory of Intention},
booktitle = {Proceedings of the 13th International Joint Conference on Artifical Intelligence (IJCAI)},
year = {1993}
} 

@InProceedings{Kumar2013,
author    = {Vivek Kumar Rangarajan Sridhar and John Chen and Srinivas Bangalore},
title     = {Corpus Analysis of Simultaneous Interpretation Data for Improving Real Time Speech Translation},
booktitle = {INTERSPEECH Proceedings},
year      = {2013}
}

@InProceedings{Langkilde1999,
author = {Irene Langkilde and Marilyn Anne Walker and Jerry Wright and Allen Gorin and Diane Litman},
title = {Automatic Prediction of Problematic Human-Computer Dialogues in How May I Help You?},
booktitle = {ASRU99},
year = {1999},
}

@InProceedings{Laroche2008,
author = {Laroche, Romain and Bouchon-Meunier, Bernadette and Bretier, P.},
title = {Uncertainty Management in Dialogue Systems},
booktitle = {European Conference on Information Processing and Management of Uncertainty in Knowledge-Based Systems},
year = {2008}
}

@PhDThesis{Laroche2010a,
title = {Raisonnement sur les incertitudes et apprentissage pour les systemes de dialogue conventionnels},
author = {Romain Laroche},
school = {Paris VI University},
year = {2010}
}

@InProceedings{Laroche2010b,
title={Optimising a handcrafted dialogue system design.},
author={Laroche, Romain and Putois, Ghislain and Bretier, Philippe},
booktitle={INTERSPEECH},
pages={3010--3013},
year={2010}
}

@InProceedings{Laroche2010c,
title={Enhanced monitoring tools and online dialogue optimisation merged into a new spoken dialogue system design experience.},
author={Laroche, Romain and Bretier, Philippe and Putois, Ghislain},
booktitle={INTERSPEECH},
pages={3006--3009},
year={2010}
}

@InProceedings{Laroche2013,
title={Cooking Coach Spoken/Multimodal Dialogue Systems},
author={Laroche, Romain and Roussarie, Laurent and Baczyk, Piotr and Dziekan, Jan},
booktitle={Proceedings of the IJCAI Workshop on Cooking with Computers},
year={2013}
}

@InProceedings{Laroche2014,
Title = {{CFAsT : Content Finder AssistanT}},
Author = {Laroche, Romain},
booktitle = {Proceedings of the 21st Conf\'erence sur le Traitement Automatique des Langues Naturelles (TALN)},
Year = {2014}
}

@InProceedings{Laroche2015,
title={Content finder AssistanT},
author={Laroche, Romain},
booktitle={Proceedings of the 18th International Conference on Intelligence in Next Generation Networks (ICIN)},
year={2015},
organization={IEEE}
}

@InProceedings{LeeBJ2014,
author    = {Lee, Byung-Jun  and  Lim, Woosang  and  Kim, Daejoong  and  Kim, Kee-Eung},
title     = {Optimizing Generative Dialog State Tracker via Cascading Gradient Descent},
booktitle = {Proceedings of the 15th Annual Meeting of the Special Interest Group on Discourse and Dialogue (SIGDIAL)},
year      = {2014}
}

@InProceedings{LeeS2014,
author    = {Lee, Sungjin},
title     = {Extrinsic Evaluation of Dialog State Tracking and Predictive Metrics for Dialog Policy Optimization},
booktitle = {Proceedings of the 15th Annual Meeting of the Special Interest Group on Discourse and Dialogue (SIGDIAL)},
year      = {2014}
}

@InProceedings{Lefevre2012,
author = {Fabrice Lef\`evre and Djamel Mostefa and Laurent Besacier and Yannick Est\`eve and Matthieu Quignard and Nathalie Camelin and Benoit Favre and Bassam Jabaian and Lina M. Rojas-Barahona},
title = {Leveraging study of robustness and portability of spoken language understanding systems across languages and domains: the PORTMEDIA corpora},
booktitle = {Proceedings of the Eight International Conference on Language Resources and Evaluation (LREC'12)},
year = {2012}
} 

@InProceedings{Lemon2003,
    author = {Oliver Lemon and Lawrence Cavedon and Barbara Kelly},
    title = {Managing Dialogue Interaction: A Multi-Layered Approach},
    booktitle = {Proceedings of the 4th SIGDIAL Workshop on Discourse and Dialogue},
    year = {2003}
}

@InProceedings{Lemon2007,
author = {Oliver Lemon and Olivier Pietquin},
title = {Machine Learning for Spoken Dialogue Systems},
booktitle = {Proceedings of the European Conference on Speech Communication and Technologies (Interspeech'07)},
year = {2007}
}

@Book{Lemon2012,
author = {Lemon, Oliver and Pietquin, Olivier},
title = {Data-Driven Methods for Adaptive Spoken Dialogue Systems},
year = {2012},
publisher = {Springer Publishing Company, Incorporated}
}

@Book{Levelt1989,
author = {Willem J. M. Levelt},
title = {Speaking: From Intention to Articulation},
year = {1989},
publisher= {Cambridge, MA: MIT Press}
}

@InProceedings{Levin1997a,
author = {Esther Levin and Roberto Pieraccini},
title = {A Stochastic Model of Computer-Human Interaction for Learning Dialogue Strategies},
booktitle = {In EUROSPEECH 97},
year = {1997}
}

@InProceedings{Levin1997b,
author={Levin, E. and Pieraccini, R. and Eckert, W.},
booktitle={Automatic Speech Recognition and Understanding, 1997. Proceedings., 1997 IEEE Workshop on},
title={Learning dialogue strategies within the Markov decision process framework}, 
year={1997}
}

@InProceedings{Li2014a,
author    = {Li, Junyi Jessy  and  Nenkova, Ani},
title     = {Addressing Class Imbalance for Improved Recognition of Implicit Discourse Relations},
booktitle = {Proceedings of the 15th Annual Meeting of the Special Interest Group on Discourse and Dialogue (SIGDIAL)},
year      = {2014}
}

@InProceedings{Li2014b,
author    = {Li, Junyi Jessy  and  Nenkova, Ani},
title     = {Reducing Sparsity Improves the Recognition of Implicit Discourse Relations},
booktitle = {Proceedings of the 15th Annual Meeting of the Special Interest Group on Discourse and Dialogue (SIGDIAL)},
year      = {2014}
}

@InProceedings{Lison2013,
author    = {Pierre Lison},
title     = {Model-Based Bayesian Reinforcement Learning for Dialogue Management},
booktitle = {INTERSPEECH Proceedings},
year      = {2013}
}

@InProceedings{Litman2014,
author    = {Litman, Diane  and  Forbes-Riley, Katherine},
title     = {Evaluating a Spoken Dialogue System that Detects and Adapts to User Affective States},
booktitle = {Proceedings of the 15th Annual Meeting of the Special Interest Group on Discourse and Dialogue (SIGDIAL)},
year      = {2014}
}

@InProceedings{Liu2014,
author    = {Liu, Alex  and  Sloan, Rose  and  Then, Mei-Vern  and  Stoyanchev, Svetlana  and  Hirschberg, Julia  and  Shriberg, Elizabeth},
title     = {Detecting Inappropriate Clarification Requests in Spoken Dialogue Systems},
booktitle = {Proceedings of the 15th Annual Meeting of the Special Interest Group on Discourse and Dialogue (SIGDIAL)},
year      = {2014}
}

@InProceedings{Lock1965,
author = {Kenneth Lock},
title = {Structuring programs for multiprogram time-sharing on-line applications},
booktitle = {AFIPS '65 (Fall, part I) Proceedings of the November 30--December 1, 1965, fall joint computer conference, part I},
year = {1965}
}

@PhdThesis{Louis2002,
author = {Louis, Vincent},
title = {Conception et mise en oeuvre de mod\`eles formels du calcul de plans d'action complexes par un agent rationnel dialoguant},
school = {Universit\'e de Caen/Basse-Normandie, France},
year = {2002}
}

@InProceedings{Lu2011,
author = {Lu, Di and Nishimoto, Takuya and Minematsu, Nobuaki},
booktitle = {ASRU},
title = {Decision of response timing for incremental speech recognition with reinforcement learning.},
year = {2011}
}

@PhdThesis{Macherey2009,
author = {Macherey, Klaus},
title = {Statistical methods in natural language understanding and spoken dialogue systems.},
year = {2009}
}

@InProceedings{Mairesse2010,
title={Phrase-based statistical language generation using graphical models and active learning},
author={Mairesse, Fran{\c{c}}ois and Ga{\v{s}}i{\'c}, Milica and Jur{\v{c}}{\'\i}{\v{c}}ek, Filip and Keizer, Simon and Thomson, Blaise and Yu, Kai and Young, Steve},
booktitle={Proceedings of the 48th Annual Meeting of the Association for Computational Linguistics},
pages={1552--1561},
year={2010},
organization={Association for Computational Linguistics}
}

@InProceedings{Manishina2016,
title={Automatic corpus extension for data-driven natural language generation},
author={Manishina, Elena and Jabaian, Bassam and  Huet, St\'ephane and Lef\`evre, Fabrice},
booktitle={Proceedings of the Language Resources and Evaluation Conference (LREC)},
year={2016}
}

@article{Mangu2000,
author    = {Lidia Mangu and Eric Brill and Andreas Stolcke},
title     = {Finding consensus in speech recognition: word error minimization and other applications of confusion networks},
journal   = {CoRR},
volume    = {cs.CL/0010012},
year      = {2000}
}

@InProceedings{Matsuyama2009,
author    = {Kyoko Matsuyama and Kazunori Komatani and Tetsuya Ogata and Hiroshi G. Okuno},
title     = {Enabling a User to Specify an Item at Any Time During System Enumeration. Item Identification for Barge-In-Able Conversational Dialogue Systems.},
booktitle = {Proceedings of the INTERSPEECH 2009 Conference},
year      = {2009}
}

@InProceedings{Matsuyama2013,
author    = {Matsuyama, Yoichi  and  Akiba, Iwao  and  Saito, Akihiro  and  Kobayashi, Tetsunori},
title     = {A Four-Participant Group Facilitation Framework for Conversational Robots},
booktitle = {Proceedings of the SIGDIAL 2013 Conference},
year      = {2013}
}

@MastersThesis{Matthias2009,
title = {Incremental Speech Understanding in a Multimodal Web-Based Spoken Dialogue System},
author = {Gary M. Matthias},
school = {Massachusetts Institute of Technology},
year = {2009}
}

@InProceedings{McCarthy1969,
author = {Mccarthy, John and Hayes, Patrick J.},
title = {Some Philosophical Problems from the Standpoint of Artificial Intelligence},
booktitle = {Machine Intelligence},
pages = {463--502},
year = {1969}
}

@InProceedings{McCarthy1979,
author = {Mccarthy, John},
booktitle = {Philosophical Perspectives in Artificial Intelligence},
title = {Ascribing mental qualities to machines},
pages = {161--195},
year = {1979}
}


@InProceedings{McGraw2012,
author = {McGraw, Ian and Gruenstein, Alexander},
booktitle = {Proceedings of the INTERSPEECH 2012 Conference},
title = {Estimating Word-Stability During Incremental Speech Recognition.},
year = {2012}
}

@InProceedings{Meena2013,
  author    = {Meena, Raveesh  and  Skantze, Gabriel  and  Gustafson, Joakim},
  title     = {A Data-driven Model for Timing Feedback in a Map Task Dialogue System},
  booktitle = {Proceedings of the SIGDIAL 2013 Conference},
  year      = {2013}
}

@InProceedings{Meena2014,
author    = {Meena, Raveesh  and  Boye, Johan  and  Skantze, Gabriel  and  Gustafson, Joakim},
title     = {Crowdsourcing Street-level Geographic Information Using a Spoken Dialogue System},
booktitle = {Proceedings of the 15th Annual Meeting of the Special Interest Group on Discourse and Dialogue (SIGDIAL)},
year      = {2014}
}

@PhdThesis{Meyer2006,
author = {Meyer, Gautier},
title = {Formalisation logique de pr\'ef\'erences qualitatives pour la s\'election de la r\'eaction d'un agent rationnel dialoguant},
school = {Universit\'e de Paris XI},
year = {2006}
}

@InProceedings{Milward1994,
author = {David Milward and Robin Cooper},
title = {Incremental Interpretation: Applications, Theory, And Relationship To Dynamic Semantics},
booktitle = {COLING},
year = {1994}
}

@InProceedings{Misu2014,
author    = {Misu, Teruhisa  and  Raux, Antoine  and  Gupta, Rakesh  and  Lane, Ian},
title     = {Situated Language Understanding at 25 Miles per Hour},
booktitle = {Proceedings of the 15th Annual Meeting of the Special Interest Group on Discourse and Dialogue (SIGDIAL)},
year      = {2014}
}

@InProceedings{Mitchell2013,
author    = {Mitchell, Christopher  and  Boyer, Kristy  and  Lester, James},
title     = {Evaluating State Representations for Reinforcement Learning of Turn-Taking Policies in Tutorial Dialogue},
booktitle = {Proceedings of the SIGDIAL 2013 Conference},
year      = {2013}
}

@InProceedings{Mitchell2014,
author    = {Mitchell, Margaret  and  Bohus, Dan  and  Kamar, Ece},
title     = {Crowdsourcing Language Generation Templates for Dialogue Systems},
booktitle = {Proceedings of the INLG and SIGDIAL 2014 Joint Session},
year      = {2014}
}

@Article{Moller2007,
author = {M\"{o}ller, Sebastian and Smeele, Paula and Boland, Heleen and Krebber, Jan},
title = {{Evaluating spoken dialogue systems according to de-facto standards: A case study}},
journal = {Computer Speech \& Language},
pages = {26--53},
volume = {21},
year = {2007}
}

@Article{Mohamed2009,
author = {Mohamed, A. and Dahl, G. and Hinton, G.},
journal = {NIPS 22nd workshop on deep learning for speech recognition},
title = {Deep Belief Networks for phone recognition},
year = {2009}
}

@InProceedings{Morbini2014a,
author    = {Morbini, Fabrizio  and  Forbell, Eric  and  Sagae, Kenji},
title     = {Improving Classification-Based Natural Language Understanding with Non-Expert Annotation},
booktitle = {Proceedings of the 15th Annual Meeting of the Special Interest Group on Discourse and Dialogue (SIGDIAL)},
year      = {2014}
}

@InProceedings{Morbini2014b,
author    = {Morbini, Fabrizio  and  DeVault, David  and  Georgila, Kallirroi  and  Artstein, Ron  and  Traum, David  and  Morency, Louis-Philippe},
title     = {A Demonstration of Dialogue Processing in SimSensei Kiosk},
booktitle = {Proceedings of the 15th Annual Meeting of the Special Interest Group on Discourse and Dialogue (SIGDIAL)},
year      = {2014}
}

@InProceedings{Mori1970,
author    = {Mori, Masahiro},
title     = {The uncanny vally},
booktitle = {Energy},
year      = {1970}
}

@Article{Newell1980,
author = {Newell, Allen},
title = {The Knowledge Level.},
journal = {AI Magazine},
volume = {2},
pages = {1-20},
year = {1980}
}

@InProceedings{Nothdurft2014,
author    = {Nothdurft, Florian  and  Richter, Felix  and  Minker, Wolfgang},
title     = {Probabilistic Human-Computer Trust Handling},
booktitle = {Proceedings of the 15th Annual Meeting of the Special Interest Group on Discourse and Dialogue (SIGDIAL)},
year      = {2014}
}

@InProceedings{Nouri2014,
author    = {Nouri, Elnaz  and  Traum, David},
title     = {Initiative Taking in Negotiation},
booktitle = {Proceedings of the 15th Annual Meeting of the Special Interest Group on Discourse and Dialogue (SIGDIAL)},
year      = {2014}
}

@InProceedings{Oya2014,
author    = {Oya, Tatsuro  and  Carenini, Giuseppe},
title     = {Extractive Summarization and Dialogue Act Modeling on Email Threads: An Integrated Probabilistic Approach},
booktitle = {Proceedings of the 15th Annual Meeting of the Special Interest Group on Discourse and Dialogue (SIGDIAL)},
year      = {2014}
}

@InProceedings{Paek2007,
title={Toward evaluation that leads to best practices: reconciling dialog evaluation in research and industry},
author={Paek, Tim},
booktitle={Proceedings of the Workshop on Bridging the Gap: Academic and Industrial Research in Dialog Technologies},
pages={40--47},
organization={Association for Computational Linguistics (ACL)},
year={2007}
}

@Article{Paek2008,
author = {Paek, T. and Pieraccini, R.},
title = {Automating spoken dialogue management design using machine learning: An industry perspective},
journal = {Speech Communication},
volume = {50},
pages = {716--729},
year = {2008}
}

@InProceedings{Pakucs2003,
author = {Botond Pakucs},
title = {Towards dynamic multi-domain dialogue processing},
booktitle = {8th European Conference on Speech Communication and Technology, EUROSPEECH - INTERSPEECH},
year      = {2003}
}

@Article{Panait2005,
author = {Panait, Liviu and Luke, Sean},
title = {Cooperative Multi-Agent Learning: The State of the Art},
journal = {Autonomous Agents and Multi-Agent Systems},
pages = {387--434},
volume = {11},
year = {2005}
} 

@InProceedings{Pappu2014,
author    = {Pappu, Aasish  and  Rudnicky, Alexander},
title     = {Knowledge Acquisition Strategies for Goal-Oriented Dialog Systems},
booktitle = {Proceedings of the 15th Annual Meeting of the Special Interest Group on Discourse and Dialogue (SIGDIAL)},
year      = {2014}
}

@InProceedings{Passonneau2014,
author    = {Passonneau, Rebecca J.  and  Guan, Boxuan  and  Yeung, Cho Ho  and  Du, Yuan  and  Conner, Emma},
title     = {Aspectual Properties of Conversational Activities},
booktitle = {Proceedings of the 15th Annual Meeting of the Special Interest Group on Discourse and Dialogue (SIGDIAL)},
year      = {2014}
}

@InProceedings{Pieraccini2005,
author = {Pieraccini, R. and Huerta, J.},
title = {Where do we go from here? Research and commercial spoken dialog systems},
booktitle = {Proceedings of the 6th SIGdial Workshop on Discourse and Dialogue},
year = {2005}
}

@InProceedings{Pietquin2005,
author = {Pietquin, Olivier and Beaufort, Richard},
booktitle = {9th European Conference on Speech Communication and Technology (Eurospeech/Interspeech)},
title = {Comparing ASR modeling methods for spoken dialogue simulation and optimal strategy learning.},
year = {2005}
}

@Article{Pietquin2013,
author = {Pietquin,Olivier and Hastie,Helen},
title = {A survey on metrics for the evaluation of user simulations},
journal = {The Knowledge Engineering Review},
volume = {28},
year = {2013}
}

@InProceedings{Platek2014,
author    = {Pl\'{a}tek, Ond\v{r}ej  and  Jur\v{c}\'{i}\v{c}ek, Filip},
title     = {Free on-line speech recogniser based on Kaldi ASR toolkit producing word posterior lattices},
booktitle = {Proceedings of the 15th Annual Meeting of the Special Interest Group on Discourse and Dialogue (SIGDIAL)},
year      = {2014}
}

@Article{Poesio2011,
title = {An Incremental Model of Anaphora and Reference Resolution Based on Resource Situations},
author = {Massimo Poesio and Hannes Rieser},
journal = {Dialogue and Discourse},
volume = {2},
year = {2011},
pages = {235-277}
}

@InProceedings{Potet2011,
title={The LIGA (LIG/LIA) machine translation system for WMT 2011},
author={Potet, Marion and Rubino, Rapha{\"e}l and Lecouteux, Benjamin and Huet, St{\'e}phane and Blanchon, Herv{\'e} and Besacier, Laurent and Lefevre, Fabrice},
booktitle={Proceedings of the Sixth Workshop on Statistical Machine Translation},
pages={440--446},
year={2011},
organization={Association for Computational Linguistics}
}

@InProceedings{Putois2010,
title={Enhanced Monitoring Tools and Online Dialogue Optimisation Merged into a New Spoken Dialogue System Design Experience.},
author={Putois, Ghislain and Laroche, Romain and Bretier, Philippe},
booktitle={Proceedings of the 11h Annual Meeting of the Special Interest Group on Discourse and Dialogue (SIGDIAL)},
year={2010}
}

@InProceedings{Raux2007,
author = {Antoine Raux and Maxine Eskenazi},
title = {A Multi-Layer Architecture For Semi-Synchronous Event-Driven Dialogue Management},
booktitle = {ASRU},
year = {2007}
}

@InProceedings{Raux2008,
author = {Antoine Raux and Maxine Eskenazi},
title = {Optimizing Endpointing Thresholds using Dialogue Features in a Spoken Dialogue System},
booktitle = {SIGDIAL},
year = {2008}
}

@PhDThesis{Raux2008b,
title = {Flexible Turn-Taking for Spoken Dialog Systems},
author = {Antoine Raux},
school = {Carnegie Mellon University},
year = {2008}
}

@InProceedings{Raux2009,
author = {Raux, Antoine and Eskenazi, Maxine},
title = {A Finite-state Turn-taking Model for Spoken Dialog Systems},
booktitle = {Proceedings of Human Language Technologies: The 2009 Annual Conference of the North American Chapter of the Association for Computational Linguistics},
series = {NAACL '09},
year = {2009},
pages = {629--637},
}

@Article{Raux2012,
author = {Raux, Antoine and Eskenazi, Maxine},
title = {Optimizing the Turn-taking Behavior of Task-oriented Spoken Dialog Systems},
journal = {ACM Transactions on Speech and Language Processing},
volume = {9},
number = {1},
pages = {1:1--1:23},
year = {2012}
} 

@InProceedings{Reichel2014,
author    = {Reichel, Sven  and  Sohn, Jasmin  and  Ehrlich, Ute  and  Berton, Andr\'{e}  and  Weber, Michael},
title     = {Out-of-Domain Spoken Dialogs in the Car: A WoZ Study},
booktitle = {Proceedings of the 15th Annual Meeting of the Special Interest Group on Discourse and Dialogue (SIGDIAL)},
year      = {2014}
}

@InProceedings{Ren2014,
author    = {Ren, Hang  and  Xu, Weiqun  and  Yan, Yonghong},
title     = {Markovian Discriminative Modeling for Dialog State Tracking},
booktitle = {Proceedings of the 15th Annual Meeting of the Special Interest Group on Discourse and Dialogue (SIGDIAL)},
year      = {2014}
}

@InProceedings{Riaz2014,
author    = {Riaz, Mehwish  and  Girju, Roxana},
title     = {In-depth Exploitation of Noun and Verb Semantics to Identify Causation in Verb-Noun Pairs},
booktitle = {Proceedings of the 15th Annual Meeting of the Special Interest Group on Discourse and Dialogue (SIGDIAL)},
year      = {2014}
}

@Article{Rieser2011a,
title = {Introduction to the Special Issue on Incremental Processing in Dialogue},
author = {Hannes Rieser and David Schlangen},
journal = {Dialogue and Discourse},
volume = {2},
year = {2011},
pages = {1-10}
}

@Article{Rieser2011b,
author = {Rieser, Verena and Lemon, Oliver},
title = {Learning and Evaluation of Dialogue Strategies for New Applications: Empirical Methods for Optimization from Small Data Sets},
journal = {Computational Linguistics},
volume = {37},
pages = {153--196},
year = {2011}
} 

@InProceedings{Rosenthal2013,
author = {Rosenthal, Stephanie and Bohus, Dan and Kamar, Ece and Horvitz, Eric},
title = {Look Versus Leap: Computing Value of Information with High-dimensional Streaming Evidence},
booktitle = {Proceedings of the Twenty-Third International Joint Conference on Artificial Intelligence (IJCAI)},
year = {2013}
}

@Article{Rubino2012,
title={Statistical Post-Editing of Machine Translation for Domain Adaptation},
author={Rubino, Rapha{\"e}l and Huet, St{\'e}phane and Avignon, France and Lefevre, Fabrice and Linares, Georges},
year={2012}
}

@InProceedings{Russell1998,
author = {Russell, Stuart},
title = {Learning Agents for Uncertain Environments (Extended Abstract)},
booktitle = {Proceedings of the Eleventh Annual Conference on Computational Learning Theory},
year = {1998}
} 

@InProceedings{Wei1999,
author = {Wei, X. and Rudnicky A.},
title = {n agenda-based dialog management architecture for spoken language systems},
booktitle = {Proceedings of IEEE ASRU},
year = {1999}
} 

@Article{Sacks1974,
title = {A Simplest Systematics for the Organization of Turn-Taking for Conversation},
author = {Harvey Sacks and Emanuel A. Schegloff and Gail Jefferson},
journal = {Language},
volume = {50},
year = {1974},
pages = {696-735}
}

@PhdThesis{Sadek1991,
author = {Sadek, M. David},
title = {Attitudes Mentales et Interaction Rationnelle : vers une th\'eorie formelle de la Communication},
school = {Universit\'e de Rennes I, France},
year = {1991}
}

@InProceedings{Sadek1997,
author = {Sadek, M. David and Bretier, Philippe and Panaget, Franck},
title = {ARTIMIS: Natural dialogue meets rational agency},
booktitle = {International Joint Conferences on Artificial Intelligence (IJCAI)},
year = {1997}
}

@InProceedings{Sadek1999,
author = {Sadek, M. David},
title = {Design considerations on dialogue systems: from theory to technology - the case of Artimis},
booktitle = {ESCA Workshop on Interactive Dialogue in Multi-Modal Systems},
year = {1999}
}

@InProceedings{Sagae2009,
author = {Kenji Sagae and Gwen Christian and David DeVault and David R. Traum},
title = {Towards Natural Language Understanding of Partial Speech Recognition Results in Dialogue Systems},
booktitle = {NAACL HLT},
year = {2009}
}

@Article{Schatzmann2006,
author = {Schatzmann,Jost and Weilhammer,Karl and Stuttle,Matt and Young,Steve},
title = {A survey of statistical user simulation techniques for reinforcement-learning of dialogue management strategies},
journal = {The Knowledge Engineering Review},
volume = {21},
year = {2006}
}

@InProceedings{Schatzmann2007,
author = {Schatzmann, Jost and Thomson, Blaise and Weilhammer, Karl and Ye, Hui and Young, Steve},
title = {Agenda-based User Simulation for Bootstrapping a POMDP Dialogue System},
booktitle = {Human Language Technologies 2007: The Conference of the North American Chapter of the Association for Computational Linguistics; Companion Volume, Short Papers},
year = {2007}
} 

@Article{Schegloff1968,
title = {Sequencing in Conversational Openings},
author = {Schegloff, Emanuel A.},
journal = {American Anthropologist},
volume = {70},
pages = {pp. 1075-1095},
year = {1968}
}

@InProceedings{Schlangen2009a,
author = {David Schlangen and Gabriel Skantze},
title = {A General, Abstract Model of Incremental Dialogue Processing},
booktitle = {ACL},
year = {2009}
}

@InProceedings{Schlangen2009b,
author = {David Schlangen and Timo Baumann and Michaela Atterer},
title = {Incremental Reference Resolution: The Task, Metrics for Evaluation, and a Bayesian Filtering Model that is Sensitive to Disfluencies},
booktitle = {SIGDIAL},
year = {2009}
}

@Article{Schlangen2011,
title = {A General, Abstract Model of Incremental Dialogue Processing},
author = {David Schlangen and Gabriel Skantze},
journal = {Dialogue and Discourse},
volume = {2},
year = {2011},
pages = {83-111}
}

@InProceedings{Schloder2014,
author    = {Schl\"{o}der, Julian  and  Fern\'{a}ndez, Raquel},
title     = {The Role of Polarity in Inferring Acceptance and Rejection in Dialogue},
booktitle = {Proceedings of the 15th Annual Meeting of the Special Interest Group on Discourse and Dialogue (SIGDIAL)},
year      = {2014}
}

@InProceedings{Schmitt2012,
author = {Alexander Schmitt and Stefan Ultes and Wolfgang Minker},
title = {A Parameterized and Annotated Spoken Dialog Corpus of the CMU Let's Go Bus Information System},
booktitle = {Proceedings of the Eight International Conference on Language Resources and Evaluation (LREC'12)},
year = {2012}
}
 
@InCollection{Schultz1995,
author = {Schultz, W. and Romo, R. and Ljungberg, T. and Mirenowicz, J. and Hollerman, J. R. and Dickinson, A.},
title = {Reward-related Signals Carried by Dopamine Neurons.},
booktitle = {Models of Information Processing in the Basal Ganglia},
pages = {233-248},
publisher = {MIT Press},
year = {1995}
}

@Article{Schultz1998,
author = {Schultz, W.},
title = {Predictive reward signal of dopamine neurons},
journal = {Neurophysiol},
year = {1998}
}

@Article{Searle1968,
author = {Searle, John R.},
title = {Austin on Locutionary and Illocutionary Acts},
journal = {The Philosophical Review},
year = {1968}
}

@Book{Searle1969,
author = {John Searle},
title = {Speech Acts: An Essay in the Philosophy of Language},
year = {1969},
publisher= {Cambridge University Press, UK}
}

@InProceedings{Seigel2011,
author = {Seigel, Matthew Stephen and Woodland, Philip C.},
booktitle = {INTERSPEECH},
title = {Combining Information Sources for Confidence Estimation with CRF Models.},
year = {2011}
}

@InProceedings{Selfridge2010,
author    = {Ethan Selfridge and Peter A. Heeman},
title     = {Importance-Driven Turn-Bidding for Spoken Dialogue Systems},
booktitle = {ACL},
year      = {2010},
pages     = {177-185}
}

@InProceedings{Selfridge2011,
author = {Selfridge, Ethan O. and Arizmendi, Iker and Heeman, Peter A. and Williams, Jason D.},
title = {Stability and Accuracy in Incremental Speech Recognition},
booktitle = {Proceedings of the SIGDIAL 2011 Conference},
year = {2011}
} 

@InProceedings{Selfridge2012a,
author    = {Selfridge, Ethan O.  and  Arizmendi, Iker  and  Heeman, Peter A.  and  Williams, Jason D.},
title     = {Integrating Incremental Speech Recognition and POMDP-Based Dialogue Systems},
booktitle = {Proceedings of the 13th Annual Meeting of the Special Interest Group on Discourse and Dialogue},
month     = {July},
year      = {2012}
}

@InProceedings{Selfridge2012b,
author    = {Selfridge, Ethan O.  and  Heeman, Peter A.},
title     = {A Temporal Simulator for Developing Turn-Taking Methods for Spoken Dialogue Systems},
booktitle = {Proceedings of the 13th Annual Meeting of the Special Interest Group on Discourse and Dialogue},
year      = {2012}
}

@InProceedings{Selfridge2013,
author    = {Selfridge, Ethan  and  Arizmendi, Iker  and  Heeman, Peter  and  Williams, Jason},
title     = {Continuously Predicting and Processing Barge-in During a Live Spoken Dialogue Task},
booktitle = {Proceedings of the SIGDIAL 2013 Conference},
year      = {2013}
}

@InProceedings{She2014,
author    = {She, Lanbo  and  Yang, Shaohua  and  Cheng, Yu  and  Jia, Yunyi  and  Chai, Joyce  and  Xi, Ning},
title     = {Back to the Blocks World: Learning New Actions through Situated Human-Robot Dialogue},
booktitle = {Proceedings of the 15th Annual Meeting of the Special Interest Group on Discourse and Dialogue (SIGDIAL)},
year      = {2014}
}

@InProceedings{Sidner2013,
author    = {Sidner, Candace  and  Bickmore, Timothy  and  Rich, Charles  and  Barry, Barbara  and  Ring, Lazlo  and  Behrooz, Morteza  and  Shayganfar, Mohammad},
title     = {Demonstration of an Always-On Companion for Isolated Older Adults},
booktitle = {Proceedings of the 14th Annual Meeting of the Special Interest Group on Discourse and Dialogue (SIGDIAL)},
year      = {2013}
}

@InProceedings{Singh1999,
author    = {Satinder P. Singh and Michael J. Kearns and Diane J. Litman and Marilyn A. Walker},
title     = {Reinforcement Learning for Spoken Dialogue Systems},
booktitle = {Advances in Neural Information Processing Systems (NIPS)},
year      = {1999}
}

@Article{Singh2002,
title={Optimizing dialogue management with reinforcement learning: Experiments with the NJFun system},
author={Singh, Satinder and Litman, Diane and Kearns, Michael and Walker, Marilyn},
journal={Journal of Artificial Intelligence Research},
pages={105--133},
year={2002}
}

@InProceedings{Skantze2003,
title = {Exploring human error handling strategies: implications for spoken dialogue systems},
author = {Skantze, G.},
year = {2003},
booktitle = {Proceedings of ISCA Tutorial and Research Workshop on Error Handling in Spoken Dialogue Systems},
}

@InProceedings{Skantze2009,
author = {Gabriel Skantze and David Schlangen},
title = {Incremental Dialogue Processing in a Micro-Domain},
booktitle = {ACL},
year = {2009}
}

@InProceedings{Skantze2010,
author = {Gabriel Skantze and Anna Hjalmarsson},
title = {Towards Incremental Speech Generation in Dialogue Systems},
booktitle = {SIGDIAL},
year = {2010}
}

@InProceedings{Skantze2013,
author    = {Skantze, Gabriel  and  Hjalmarsson, Anna  and  Oertel, Catharine},
title     = {Exploring the effects of gaze and pauses in situated human-robot interaction},
booktitle = {Proceedings of the SIGDIAL 2013 Conference},
year      = {2013}
}

@InProceedings{Skantze2015,
author    = {Skantze, Gabriel  and  Johansson, Matrin},
title     = {Modelling situated human-robot interaction using IrisTK},
booktitle = {Proceedings of the 16th Annual Meeting of the Special Interest Group on Discourse and Dialogue (SIGDIAL)},
year      = {2015}
}

@InProceedings{Smith2014,
author    = {Smith, Ronnie},
title     = {Comparative Error Analysis of Dialog State Tracking},
booktitle = {Proceedings of the 15th Annual Meeting of the Special Interest Group on Discourse and Dialogue (SIGDIAL)},
year      = {2014}
}

@InProceedings{Strombergsson2013,
author = {Sofia Strombergsson and Anna Hjalmarsson and Jens Edlund and David House},
title = {Timing Responses to Questions in Dialogue},
booktitle = {INTERSPEECH Proceedings},
year = {2013}
}

@InProceedings{Su2013,
author    = {Pei-hao Su and Yow-Bang Wang and Tsung-Hsien Wen and Tien-han Yu and Lin-shan Lee},
title     = {A Recursive Dialogue Game Framework with Optimal Policy Offering Personalized Computer-Assisted Language Learning},
booktitle = {INTERSPEECH Proceedings},
year      = {2013}
}

@Book{Sullivan1947,
title={Conceptions of Modern Psychiatry},
author={Sullivan, H.S.},
year={1947},
publisher={Norton}
}


@InProceedings{Sun2014,
author    = {Sun, Kai  and  Chen, Lu  and  Zhu, Su  and  Yu, Kai},
title     = {The SJTU System for Dialog State Tracking Challenge 2},
booktitle = {Proceedings of the 15th Annual Meeting of the Special Interest Group on Discourse and Dialogue (SIGDIAL)},
year      = {2014}
}

@Book{Sutton1998,
author = {Richard S. Sutton and Andrew G. Barto},
title = {Reinforcement Learning, An Introduction},
year = {1998},
publisher= {The MIT Press, Cambridge, Massachusetts, London, England}
}

@InProceedings{Swanson2014,
author    = {Swanson, Reid  and  Rahimtoroghi, Elahe  and  Corcoran, Thomas  and  Walker, Marilyn},
title     = {Identifying Narrative Clause Types in Personal Stories},
booktitle = {Proceedings of the 15th Annual Meeting of the Special Interest Group on Discourse and Dialogue (SIGDIAL)},
year      = {2014}
}

@InProceedings{Tabet2011, 
author={Tabet, Y. and Boughazi, M.}, 
booktitle={Systems, Signal Processing and their Applications (WOSSPA), 2011 7th International Workshop on}, 
title={Speech synthesis techniques. A survey}, 
year={2011},
}

@Article{Tanenhaus1995,
title = {Integration of Visual and Linguistic Information in Spoken Language Comprehension},
author = {Michael K. Tanenhaus and Michael J. Spivey-Knowlton and Kathleen M. Eberhard and Julie C. Sedivy},
journal = {Science},
volume = {268},
year = {1995},
pages = {1632-1634}
}

@Article{Tanenhaus2008,
title = {Language processing in the natural world},
author = {Michael K. Tanenhaus and Sarah Brown-Schmidt},
journal = {Philosophical Transactions of the Royal Society},
volume = {363},
year = {2008},
pages = {1105-1122}
}

@Book{Thorndike1898,
title={Animal intelligence: An experimental study of the associative processes in animals},
author={Thorndike, Edward L.},
year={1898},
publisher={Columbia University Press}
}

@InProceedings{Ultes2014,
author    = {Ultes, Stefan  and  Minker, Wolfgang},
title     = {Interaction Quality Estimation in Spoken Dialogue Systems Using Hybrid-HMMs},
booktitle = {Proceedings of the 15th Annual Meeting of the Special Interest Group on Discourse and Dialogue (SIGDIAL)},
year      = {2014}
}

@Article{Vasishth2011,
title = {Locality in German},
author = {Shravan Vasishth and Heiner Drenhaus},
journal = {Dialogue and Discourse},
volume = {2},
year = {2011},
pages = {59-82}
}

@InProceedings{Vail2014,
author    = {Vail, Alexandria  and  Boyer, Kristy},
title     = {Adapting to Personality Over Time: Examining the Effectiveness of Dialogue Policy Progressions in Task-Oriented Interaction},
booktitle = {Proceedings of the 15th Annual Meeting of the Special Interest Group on Discourse and Dialogue (SIGDIAL)},
year      = {2014}
}

@Article{Visser2014,
title = {A model for incremental grounding in spoken dialogue systems},
journal = {Journal on Multimodal User Interfaces},
author = {Visser, Thomas and Traum, David and DeVault, David and op den Akker, Rieks},
year = {2014}
}

@inproceedings{Vogel2013,
author = {Adam Vogel and Max Bodoia and Christopher Potts and Daniel Jurafsky},
title     = {Emergence of Gricean Maxims from Multi-Agent Decision Theory},
booktitle = {Conference of the North American Chapter of the Association of Computational Linguistics (NAACL)},
year      = {2013}
}

@InProceedings{Walker1997,
author = {Walker, Marilyn Anne and Litman, Diane J. and Kamm, Candace A. and Abella, Alicia},
title = {PARADISE: a framework for evaluating spoken dialogue agents},
booktitle = {Proceedings of the eighth conference on European chapter of the Association for Computational Linguistics},
year = {1997}
}

@Article{Walker2000,
author = {Walker, M.},
title = {An Application of Reinforcement Learning to Dialogue Strategy Selection in a Spoken Dialogue System for Email},
journal = {Journal of Artificial Intelligence Research},
volume = {12},
pages = {387-416},
year = {2000}
}

@InProceedings{Wang2014,
Title = {Policy Learning for Domain Selection in an Extensible Multi-domain Spoken Dialogue System},
Author = {Wang, Zhuoran and Chen, Hongliang and Wang, Guanchun and Tian, Hao and Wu, Hua and Wang, Haifeng},
Booktitle                = {Proceedings of the 19th Conference on Empirical Methods in Natural Language Processing (EMNLP)},
Year                     = {2014}
}

@PhdThesis{Watkins1989,
author = {Watkins, Christopher John Cornish Hellaby},
title = {Learning from Delayed Rewards},
school = {King's College},
year = {1989}
}

@article{Williams2007,
author = {Williams, Jason D. and Young, Steve},
title = {Partially Observable Markov Decision Processes for Spoken Dialog Systems},
journal = {Comput. Speech Lang.},
year = {2007},
}

@InProceedings{Williams2008,
title={The best of both worlds: unifying conventional dialog systems and POMDPs.},
author={Williams, Jason D},
booktitle={INTERSPEECH},
pages={1173--1176},
year={2008}
}

@Article{Williams2012a,
author    = {Jason D. Williams and Kai Yu and Brahim Chaib-draa and Oliver Lemon and Roberto Pieraccini and
		   Olivier Pietquin and Pascal Poupart and Steve Young},
title     = {Introduction to the Issue on Advances in Spoken Dialogue Systems and Mobile Interface},
journal   = {J. Sel. Topics Signal Processing},
volume    = {6},
number    = {8},
year      = {2012},
pages     = {889-890},
}

@Inproceedings {Williams2012b,
author       = {Jason D. Williams},
booktitle    = {NAACL HLT 2012 Workshop on Future directions and needs in the Spoken Dialog
                Community: Tools and Data},
month        = {June},
title        = {A belief tracking challenge task for spoken dialog systems},
year         = {2012}
}

@InProceedings{Williams2014,
author    = {Williams, Jason D},
title     = {Web-style ranking and SLU combination for dialog state tracking},
booktitle = {Proceedings of the 15th Annual Meeting of the Special Interest Group on Discourse and Dialogue (SIGDIAL)},
year      = {2014}
}

@PhDThesis{Wiren1992,
title = {Studies in Incremental Natural Language Analysis},
author = {Mats Wir\'en},
school = {Linkoping University, Linkoping, Sweden},
year = {1992}
}

@Article{Witt2011,
title={A global experience metric for dialog management in spoken dialog systems},
author={Witt, Silke},
journal={Proceedings of SemDial},
year={2011}
}

@InProceedings{Wlodarczak2013,
author = {Marcin Wlodarczak and Petra Wagner},
title = {Effects of Talk-Spurt Silence Boundary Thresholds on Distribution of Gaps and Overlaps},
booktitle = {INTERSPEECH Proceedings},
year = {2013}
}

@InProceedings{Yamauchi2013,
author    = {Yamauchi, Takashi  and  Nakano, Mikio  and  Funakoshi, Kotaro},
title     = {A Robotic Agent in a Virtual Environment that Performs Situated Incremental Understanding of Navigational Utterances},
booktitle = {Proceedings of the SIGDIAL 2013 Conference},
year      = {2013}
}

@InProceedings{Yngve1970,
author = {Yngve, Victor H.},
booktitle = {CLS-70},
title = {On getting a word in edgewise},
year = {1970}
}

@InProceedings{Yoshino2014,
author    = {Yoshino, Koichiro  and  Kawahara, Tatsuya},
title     = {Information Navigation System Based on POMDP that Tracks User Focus},
booktitle = {Proceedings of the 15th Annual Meeting of the Special Interest Group on Discourse and Dialogue (SIGDIAL)},
year      = {2014}
}

@InProceedings{Young2006,
author    = {Steve J. Young},
title     = {Using POMDPs for Dialog Management},
booktitle = {Spoken Language Technology Workshop (SLT)},
year      = {2006}
}

@Article{Yu2011,
author = {Yu, Kai and Zen, Heiga and Mairesse, Fran\c{c}ois and Young, Steve},
title = {Context Adaptive Training with Factorized Decision Trees for HMM-based Statistical Parametric Speech Synthesis},
journal = {Speech Communication},
volume = {53},
number = {6},
year = {2011}
}

@InProceedings{Yuan2006,
author = {Yuan, Jiahong and Liberman, Mark and Cieri, Christopher},
booktitle = {INTERSPEECH Proceedings},
title = {Towards an integrated understanding of speaking rate in conversation.},
year = {2006}
}

@InProceedings{Zhao2015,
author    = {Zhao, Tiancheng and Black, Alan W and Eskenazi, Maxine},
title     = {An Incremental Turn-Taking Model with Active System Barge-in for Spoken Dialog Systems},
booktitle = {Proceedings of the 16th Annual Meeting of the Special Interest Group on Discourse and Dialogue (SIGDIAL)},
year      = {2015}
}
